@incollection{Munzner14ii,
title = {What: Data Abstraction},
isbn = {978-1-4665-0891-0},
url = {http://dx.doi.org/10.1201/b17511-3},
series = {{AK} Peters Visualization Series},
volumes = {0},
pages = {20--40},
booktitle = {Visualization Analysis and Design},
publisher = {A K Peters/{CRC} Press},
urldate = {2016-07-25},
date = {2014-10-14}
}

@article{tukey1977e,
title={Exploratory data analysis},
author={Tukey, John W},
year={1977},
publisher={Reading, Mass.}
}

@inproceedings{tukey1975mathematics,
title={Mathematics and the picturing of data},
author={Tukey, John W},
booktitle={Proceedings of the international congress of mathematicians},
volume={2},
pages={523--531},
year={1975}
}
            