% Keep entries sorted by reference name

@article{src:AmmannEtAl07, 
         author = {C.M. Ammann and F. Joos and D.D. Schimel and B.L. Otto-Bliesner
		 and R.A. Tomas},
         title = {Solar influence on climate during the past
         millennium: Results from transient simulations with the NCAR
         Climate System Model},
         year = {2007}, 
         journal = {Proc Nat Acad Sci USA},
         number = {104},
         pages = {3713--3718},
         doi={10.1073-pnas.0605064.103},}
		 
@article{AthawaleEtAl16,
author={Athawale, T. and Sakhaee, E. and Entezari, A.},
journal={Visualization and Computer Graphics, IEEE Transactions on},
title={Isosurface Visualization of Data with Nonparametric Models for Uncertainty},
year={2016},
volume={22},
number={1},
pages={777-786},
keywords={data visualisation;statistical distributions;Monte Carlo sampling;data isosurface visualization;data uncertainty;edge-crossing probability based approach;geometry extraction algorithm;isosurface extraction process;midpoint decider;nonparametric statistical framework;nonparametric uncertainty models;probability density function;probability distribution;topological configuration;topology extraction algorithm;Isosurfaces;Joints;Kernel;Polynomials;Random variables;Uncertainty;Uncertainty quantification;isosurface extraction;linear interpolation;marching cubes;nonparametric statistics},
doi={10.1109/TVCG.2015.2467958},
ISSN={1077-2626},
month={Jan},}

@article{Brandt16,
author="Brandt, Sven Anders",
title="Modeling and visualizing uncertainties of flood boundary delineation: algorithm for slope and DEM resolution dependencies of 1D hydraulic models",
journal="Stochastic Environmental Research and Risk Assessment",
year="2016",
pages="1--14",
issn="1436-3259",
doi="10.1007/s00477-016-1212-z",
url="http://dx.doi.org/10.1007/s00477-016-1212-z"
}

@inproceedings{CadezEtAl00,
 author = {Cadez, Igor and Heckerman, David and Meek, Christopher and Smyth, Padhraic and White, Steven},
 title = {Visualization of Navigation Patterns on a Web Site Using Model-based Clustering},
 booktitle = {Proceedings of the Sixth ACM SIGKDD International Conference on Knowledge Discovery and Data Mining},
 series = {KDD '00},
 year = {2000},
 isbn = {1-58113-233-6},
 location = {Boston, Massachusetts, USA},
 pages = {280--284},
 numpages = {5},
 url = {http://doi.acm.org/10.1145/347090.347151},
 doi = {10.1145/347090.347151},
 acmid = {347151},
 publisher = {ACM},
 address = {New York, NY, USA},
 keywords = {Internet, Web, data visualization, model-based clustering, sequence clustering},
} 

@article{CaoEtAl16,
author="Cao, Yi
and Mo, Zeyao
and Ai, Zhiwei
and Wang, Huawei
and Xiao, Li",
title="An efficient and visually accurate multi-field visualization framework for high-resolution climate data",
journal="Journal of Visualization",
year="2016",
pages="1--14",
issn="1875-8975",
doi="10.1007/s12650-015-0335-5",
url="http://dx.doi.org/10.1007/s12650-015-0335-5"
}



@article{FerstlEtAl16,
author={Ferstl, F. and Bürger, K. and Westermann, R.},
journal={Visualization and Computer Graphics, IEEE Transactions on},
title={Streamline Variability Plots for Characterizing the Uncertainty in Vector Field Ensembles},
year={2016},
volume={22},
number={1},
pages={767-776},
keywords={Gaussian distribution;data visualisation;pattern clustering;principal component analysis;probability;vectors;Gaussian random distributions;confidence region visualization;curve boxplots;flow fields;iso-contours;low-dimensional Euclidean space;multidimensional Euclidean spaces;multivariate Gaussian distribution;particle trajectories;principal component analysis;principal component representation;probabilistic mixture model;statistical model;statistical properties;streamline clustering;streamline distribution;streamline variability plots;streamline-median;vector field ensembles;Data visualization;Feature extraction;Market research;Principal component analysis;Transforms;Uncertainty;Visualization;Ensemble visualization;flow visualization;statistical modeling;streamlines;uncertainty visualization},
doi={10.1109/TVCG.2015.2467204},
ISSN={1077-2626},
month={Jan},}

@article{Gschwandtner16,
author={Gschwandtner, T. and Bögl, M. and Federico, P. and Miksch, S.},
journal={Visualization and Computer Graphics, IEEE Transactions on},
title={Visual Encodings of Temporal Uncertainty: A Comparative User Study},
year={2016},
volume={22},
number={1},
pages={539-548},
keywords={data visualisation;encoding;probability;accumulated probability plots;ambiguation;centered error bars;completion time;error rates;fading color;gradient plots;lighter color value;temporal dimension;temporal uncertainty;uncertainty visualization;violin plots;visual encodings;Bars;Data visualization;Encoding;Image color analysis;Uncertainty;Visualization;Uncertainty;temporal intervals;visualization},
doi={10.1109/TVCG.2015.2467752},
ISSN={1077-2626},
month={Jan},}

@article{src:HankinEtAl96,
		author = {S. Hankin and D. E. Harrison and J. Osborne and J. Davidson and K. Obrien},
		title= {A Strategy and a Tool, Ferret, for Closely Integrated Visualization and Analysis.},
        journal = {Journal of Visualization and Computer Animation},
		pages = {149-157},
        year = {1996},}
		
@article{HankinCallahanSirott01,
         author = {Steve Hankin and Jonathan Callahan and Joseph Sirott},
         title = {THE LIVE ACCESS SERVER AND DODS:
         Web Visualization and Data Fusion for Distributed Holdings},
         year = {2001},
         howpublished = {\url{http://ferret.pmel.noaa.gov/Ferret/LAS/home/las-overview}},
		 }
		 
@article{HansenRuedySatoLo10,
         author = {James Hansen and Reto Ruedy and Makiko Sato and Kenneth Lo},
         title = {Global surface temperature change}, 
         journal = {Rev. Geophys}, 
         volume = {48}, 
         pages = {RG4004},
         doi = {10.1029/2010RG000345},
		 year = {2010},
		 }
		 
@article{HaoHealeyBass16,
author={Lihua Hao and Healey, C.G. and Bass, S.A.},
journal={Visualization and Computer Graphics, IEEE Transactions on},
title={Effective Visualization of Temporal Ensembles},
year={2016},
volume={22},
number={1},
pages={787-796},
keywords={data visualisation;pattern clustering;trees (mathematics);3D shape comparison;cluster tree visualization;clusters groups;ensemble members subsets;glyph based visualization;gold-on-gold particle collisions;hadronic gas;interactive visualization;matter transition;multidimensional ensembles;multivariate ensembles;quark-gluon plasma;related datasets;segment based ensemble analysis;shape changes;shape transition time-steps;static ensemble visualization system;temporal ensemble analysis;temporal ensembles visualization;time-step based ensemble analysis;visualization techniques;Data mining;Data visualization;Octrees;Shape;Shape measurement;Three-dimensional displays;Visualization;Ensemble visualization},
doi={10.1109/TVCG.2015.2468093},
ISSN={1077-2626},
month={Jan},}

@INPROCEEDINGS{LinXieSongWu09,
author={Fan Lin and Kunqing Xie and Guojie Song and Tianshu Wu},
booktitle={Fuzzy Systems and Knowledge Discovery, 2009. FSKD '09. Sixth International Conference on},
title={A Novel Spatio-temporal Clustering Approach by Process Similarity},
year={2009},
volume={5},
pages={150-154},
keywords={geophysics computing;pattern clustering;earth science;filter-and-refinement strategy;global climatic dataset;object spatial proximity;process similarity;spatial-temporal tight clustering approach;spatio-temporal data;value-process measurement estimation;Cities and towns;Clustering methods;Fuzzy systems;Geoscience;Laboratories;Meteorology;Particle measurements;Spatiotemporal phenomena;Temperature;Time measurement},
doi={10.1109/FSKD.2009.584},
month={Aug},}


@book{Munzner14,
author={Tamara Munzner},
booktitle={Visualization Analysis and Design},
title={Visualization Analysis and Design},
series={A K Peters Visualization Series},
publisher={CRC Press},
year={2014}
}

@article{QuinanMeyer16,
author={Quinan, P.S. and Meyer, M.},
journal={Visualization and Computer Graphics, IEEE Transactions on},
title={Visually Comparing Weather Features in Forecasts},
year={2016},
volume={22},
number={1},
pages={389-398},
keywords={data visualisation;decision support systems;encoding;geophysics computing;weather forecasting;decision support roles;ensemble forecast;forecasts;meteorological conventions;meteorological forecasting;meteorologists process;visual encoding practices;weather forecast analysis;weather visualization;Color;Data visualization;Encoding;Image color analysis;Predictive models;Weather forecasting;Design study;ensemble data;geographic/geospatial visualization;weather},
doi={10.1109/TVCG.2015.2467754},
ISSN={1077-2626},
month={Jan},}

@article{src:Sirott06, 
         author = {Joe Sirott},
         title = {Dchart: A Remote Scripting Web Application for 
                  In-Situ OPeNDAP Data},
         year = 2006,
         journal = {22nd International Conference on Interactive Information Processing Systems for Meteorology, Oceanography, and Hydrology},
         publisher = {AMS},
}
		 
@article{SunZhou16,
title = "Expressing the spatio-temporal pattern of farmland change in arid lands using landscape metrics ",
journal = "Journal of Arid Environments ",
volume = "124",
number = "",
pages = "118 - 127",
year = "2016",
note = "",
issn = "0140-1963",
doi = "http://dx.doi.org/10.1016/j.jaridenv.2015.08.007",
url = "http://www.sciencedirect.com/science/article/pii/S0140196315300318",
author = "Bo Sun and Qiming Zhou",
keywords = "Farmland change",
keywords = "Spatio-temporal process",
keywords = "Change trajectory analysis",
keywords = "Landscape metrics",
keywords = "Arid zone "
}

@article{whitaker2013,
  title={Contour boxplots: A method for characterizing uncertainty in feature sets from simulation ensembles},
  author={Whitaker, Ross T and Mirzargar, Mahsa and Kirby, Robert M},
  journal={IEEE Transactions on Visualization and Computer Graphics},
  volume={19},
  number={12},
  pages={2713--2722},
  year={2013},
  publisher={IEEE}
}

@INPROCEEDINGS{WijkSelow99,
author={van Wijk, J.J. and Van Selow, E.R.},
booktitle={Information Visualization, 1999. (Info Vis '99) Proceedings. 1999 IEEE Symposium on},
title={Cluster and calendar based visualization of time series data},
year={1999},
pages={4-9, 140},
keywords={data visualisation;graphs;pattern recognition;time series;calendar based visualization;cluster based visualization;employees;energy consumption;graphs;pattern clustering;univariate time series data;Calendars;Data analysis;Data mining;Data visualization;Energy consumption;Fourier transforms;Mathematics;Pattern analysis;Time measurement;Time series analysis},
doi={10.1109/INFVIS.1999.801851},
ISSN={1522-404X},
month={},}

@article{WilliamsEtAl13,
author={Williams, D.N. and Bremer, T. and Doutriaux, C. and Patchett, J. and Williams, S. and Shipman, G. and Miller, R. and Pugmire, D.R. and Smith, B. and Steed, C. and Bethel, E.W. and Childs, H. and Krishnan, H. and Prabhat, P. and Wehner, M. and Silva, C.T. and Santos, E. and Koop, D. and Ellqvist, T. and Poco, J. and Geveci, B. and Chaudhary, A. and Bauer, A. and Pletzer, A. and Kindig, D. and Potter, G.L. and Maxwell, T.P.},
journal={Computer},
title={Ultrascale Visualization of Climate Data},
year={2013},
volume={46},
number={9},
pages={68-76},
keywords={climatology;data visualisation;geophysics computing;groupware;academic sector;climate data ultrascale visualization;collaboration;government sector;private sector;provenance framework;research sector;scientific computing libraries;Atmospheric measurements;Data analysis;Data models;Data visualization;Meteorology;Numerical models;climate analysis;collaborative research;provenance networks;visual analytics;visualization},
doi={10.1109/MC.2013.119},
ISSN={0018-9162},
month={September},}
  

%websites
@misc{src:scipy,
        author = {Eric Jones and Travis Oliphant and Pearu Peterson and others},
        title = {{SciPy}: Open source scientific tools for {Python}},
        year = {2001},
        howpublished = {\url{http://www.scipy.org/}},
		}
        
@misc{src:netcdf4,
        author = {Jeffery Whitaker},
        title = {netCDF4 0.9},
        year = {2008},
        howpublished = {\url{http://pypi.python.org/pypi/netCDF4/0.9}},
		}
		
@misc{src:basemap, 
        author = {Jeffery Whitaker},
        title = {Basemap Matplotlib Toolkit 1.0.2},
        year = {2011},
        howpublished = {\url{http://matplotlib.github.com/basemap/}},
}

@misc{src:pyramid, 
      author = {{Pyramid Development Team}},
      title = {The Pyramid Web Application Development Framework},
      year = {2010},
      howpublished = {\url{http://www.pylonsproject.org/}},
	  }	  

@misc{src:coards,
      author = {{Cooperative Ocean/Atmosphere Research Data Service}}, 
      title = {Conventions for the standardization of NetCDF files},
      year = {1995},
      howpublished = {\url{http://ferret.pmel.noaa.gov/Ferret/documentation/coards-netcdf-conventions}},
	  }
	
@misc{src:coardslib, 
      author = {Roberto De Almeida},
      title = {coards 0.2.2}, 
      year = {2007}, 
      howpublished = {\url{http://pypi.python.org/pypi/coards}},
	  }

@misc{src:iris, 
      title = {Incorporated Research Institutions for Seismology}, 
	  author = {{Incorporated Research Institutions for Seismology Data Management Center}},
	  year = {2011},
      howpublished = {\url{http://www.iris.edu}},
	  }
	  
@misc{src:epic, 
      title = {EPIC Web Browser},
	  author = {Donald W. Denbo and Nancy N. Soreide and Kevin McHugh and 
	  John Osbourne and Joe Sirott and Paul Sorvik and Willa Zhu},
	  year = {2006},
      howpublished = {\url{http://www.epic.noaa.gov/epic/ewb/index.html}},
      }
	  
@misc{src:grads, 
      title = {Grid Analysis and Display System (GrADS)},
      author = {{Institude of Global Environment and Society: 
                Center for Ocean-Land-Atmosphere Studies}},
      howpublished = {\url{http://www.iges.org/grads/}}, 
	  year = {2003-2011}
	  }

@misc{src:esrlpsd, 
      author = {{Earth System Research Laboratory}, {Physical Sciences Division}},
      title = {PSD Interactive Plotting and Analysis Pages},
      howpublished = {\url{http://www.esrl.noaa.gov/psd/cgi-bin/data/getpage.pl}},
	  year = {2011},
	  }

@misc{src:htmlrest, 
      author = {Tim Berner-Lee and {MIT/W3C} and D. Connolly}, 
      year = {1995},
      title = {Hypertext Markup Language - 2.0},
      howpublished = {\url{http://www.ietf.org/rfc/rfc1866.txt}},
	  publisher = {Internet Engineering Task Force},
	  }
      
@misc{src:PyNGL, 
      author = {{Computational And Information Systems Laboratory at the
      National Center for Atmospheric Research}},
      title = {PyNGL and PyNIO},
      year = 2011,
      howpublished = {\url{http://www.pyngl.ucar.edu/}},
	  }
      
@misc{src:pip, 
      howpublished = {\url{http://www.pip-installer.org/en/latest/index.html}}, 
	  author = {{PIP development team}},
      title = {{PIP} installs Python},
	  year = {2011},
	  }
	  
@misc{src:tableau, 
      title = {Tableau Software},
	  author = {{Tableau Software}},
	  year = {2011},
      howpublished = {\url{http://www.tableausoftware.com/}},
	  }

@misc{src:cdat, 
      author = {{PCMDI Software Development Group}}, 
      title = {Climate Data Analysis Tools},
      howpublished = {\url{http://www2-pcmdi.llnl.gov/cdat}},
	  year ={2007},
	  }

@misc{src:d3, 
      author = {{Stanford Visualization Group}},
	  title = {Data-Driven Documents},
	  year = {2011},
	  howpublished = {\url{http://mbostock.github.com/d3/}},
	  }
	  
@misc{src:protoviz,
      author = {{Stanford Visualization Group}},
	  title = {Protoviz},
	  year = {2010},
	  howpublished = {\url{http://mbostock.github.com/protovis/}},
	  }
	  
@misc{src:dygraph, 
      title = {dygraphs JavaScript Visualization Library}, 
	  author = {Dan Vanderkam}, 
	  year = {2008}, 
	  howpublished = {\url{http://dygraphs.com/}},
	  }
	  
@misc{src:infovis, 
      title = {{JavaScript InfoVis Toolkit}},
	  author = {SenchaLabs},
	  year = {2011},
	  howpublished = {\url{http://thejit.org/}},
	  }

        
